@incollection{Chisholm,
	title        = {WRITING ACKNOWLEDGEMENTS:  Saying “Thank You”},
	author       = {Chisholm, Jane},
	booktitle    = {CETL 8723:  Writing for International Graduate Students},
	url          = {https://esl.gatech.edu/sites/default/files/LI/li-how_to_write_acknowledgements_in_a_dissertation.pdf},
	organization = {Georgia Institute of Technology}
}
@online{gradschool_policies,
	title        = {Forms, Policies, and Procedures},
	author       = {{Augusta University's Graduate School}},
	year         = 2021,
	month        = 07,
	url          = {https://www.augusta.edu/gradschool/student-resources.php},
	urldate      = {2021-11-01}
}
